@article{Asch1956,
title = {Studies of independence and conformity: I. A minority of one against a unanimous majority},
author = {Asch, Solomon E},
journal = {Psychological monographs: General and applied},
volume = {70},
number = {9},
pages = {1},
year = {1956},
publisher = {American Psychological Association},
doi = {10.1037/h0093718}
}

@manual{Aust2022,
title = {{papaja}: {Prepare} reproducible {APA} journal articles with {R Markdown}},
author = {Frederik Aust and Marius Barth},
year = {2022},
note = {R package version 0.1.1},
url = {https://github.com/crsh/papaja}
}

@article{Bates2015,
title = {Fitting Linear Mixed-Effects Models Using lme4},
volume = {67},
url = {https://www.jstatsoft.org/index.php/jss/article/view/v067i01},
doi = {10.18637/jss.v067.i01},
number = {1},
journal = {Journal of Statistical Software},
author = {Bates, Douglas and M{\"a}chler, Martin and Bolker, Ben and Walker, Steve},
year = {2015},
pages = {1-48}
}

@article{BaxterKing2022,
author = {Ryan Baxter-King  and Jacob R. Brown  and Ryan D. Enos  and Arash Naeim  and Lynn Vavreck },
title = {How local partisan context conditions prosocial behaviors: Mask wearing during {COVID-19}},
journal = {Proceedings of the National Academy of Sciences},
volume = {119},
number = {21},
pages = {e2116311119},
year = {2022},
doi = {10.1073/pnas.2116311119},
URL = {https://www.pnas.org/doi/abs/10.1073/pnas.2116311119},
eprint = {https://www.pnas.org/doi/pdf/10.1073/pnas.2116311119}
}

@article{Bokemper2021,
title = {Experimental evidence that changing beliefs about mask efficacy and social norms increase mask wearing for {COVID-19} risk reduction: Results from the {United States} and {Italy}},
author = {Bokemper, Scott E and Cucciniello, Maria and Rotesi, Tiziano and Pin, Paolo and Malik, Amyn A and Willebrand, Kathryn and Paintsil, Elliott E and Omer, Saad B and Huber, Gregory A and Melegaro, Alessia},
journal = {PLOS ONE},
volume = {16},
number = {10},
pages = {e0258282},
year = {2021},
publisher = {Public Library of Science San Francisco, CA USA},
doi = {10.1371/journal.pone.0258282}
}

@book{Boyd1985,
author = {Boyd, Robert, & Richerson, Peter J.},
year = {1985},
title = {Culture and the evolutionary process},
publisher = {University of Chicago Press}
}

@data{CDC2022a,
author = {{Centers for Disease Control and Prevention}},
title = {{United States COVID-19 Community Levels by County}},
year = {2022},
url = {https://data.cdc.gov/Public-Health-Surveillance/United-States-COVID-19-Community-Levels-by-County/3nnm-4jni}
}

@misc{CDC2022b,
title = {{CDC Museum COVID-19 Timeline}},
url = {https://www.cdc.gov/museum/timeline/covid19.html},
author = {{Centers for Disease Control and Prevention}},
year = {2022}
} 

@incollection{Cialdini1991,
title = {A Focus Theory of Normative Conduct: A Theoretical Refinement and Reevaluation of the Role of Norms in Human Behavior},
editor = {Mark P. Zanna},
series = {Advances in Experimental Social Psychology},
publisher = {Academic Press},
volume = {24},
pages = {201-234},
year = {1991},
issn = {0065-2601},
doi = {10.1016/S0065-2601(08)60330-5},
url = {https://www.sciencedirect.com/science/article/pii/S0065260108603305},
author = {Robert B. Cialdini and Carl A. Kallgren and Raymond R. Reno}
}

@article{Cialdini2007,
title = {Descriptive social norms as underappreciated sources of social control},
author = {Cialdini, Robert B},
journal = {Psychometrika},
volume = {72},
number = {2},
pages = {263-268},
year = {2007},
publisher = {Springer},
doi = {10.1007/s11336-006-1560-6}
}

@article{Cialdini2021,
title = {Influences of social norms on climate change-related behaviors},
journal = {Current Opinion in Behavioral Sciences},
volume = {42},
pages = {1-8},
year = {2021},
issn = {2352-1546},
doi = {10.1016/j.cobeha.2021.01.005},
url = {https://www.sciencedirect.com/science/article/pii/S2352154621000061},
author = {Robert B Cialdini and Ryan P Jacobson}
}

@article{Deutsch1955,
title = {A study of normative and informational social influences upon individual judgment},
author = {Deutsch, Morton and Gerard, Harold B},
journal = {The journal of abnormal and social psychology},
volume = {51},
number = {3},
pages = {629--636},
year = {1955},
publisher = {American Psychological Association},
doi = {10.1037/h0046408}
}

@article{Fehr2018a,
title = {Normative foundations of human cooperation},
author = {Fehr, Ernst and Schurtenberger, Ivo},
journal = {Nature Human Behaviour},
volume = {2},
number = {7},
pages = {458-468},
year = {2018},
publisher = {Nature Publishing Group},
doi = {10.1038/s41562-018-0385-5}
}

@techreport{Fehr2018b,
author = {Fehr, Ernst and Schurtenberger, Ivo},
institution = {Department of Economics 278, University of Zurich},
series = {Working paper series},
title = {The dynamics of norm formation and norm decay},
year = {2018},
doi = {10.5167/uzh-147925}
}

@article{Gelfand2011,
author = {Michele J. Gelfand  and Jana L. Raver  and Lisa Nishii  and Lisa M. Leslie  and Janetta Lun  and Beng Chong Lim  and Lili Duan  and Assaf Almaliach  and Soon Ang  and Jakobina Arnadottir  and Zeynep Aycan  and Klaus Boehnke  and Pawel Boski  and Rosa Cabecinhas  and Darius Chan  and Jagdeep Chhokar  and Alessia D'Amato  and Montse Ferrer  and Iris C. Fischlmayr  and Ronald Fischer  and Marta F{\"u}l{\"o}p  and James Georgas  and Emiko S. Kashima  and Yoshishima Kashima  and Kibum Kim  and Alain Lempereur  and Patricia Marquez  and Rozhan Othman  and Bert Overlaet  and Penny Panagiotopoulou  and Karl Peltzer  and Lorena R. Perez-Florizno  and Larisa Ponomarenko  and Anu Realo  and Vidar Schei  and Manfred Schmitt  and Peter B. Smith  and Nazar Soomro  and Erna Szabo  and Nalinee Taveesin  and Midori Toyama  and Evert Van de Vliert  and Naharika Vohra  and Colleen Ward  and Susumu Yamaguchi},
title = {Differences between tight and loose cultures: A 33-nation study},
journal = {Science},
volume = {332},
number = {6033},
pages = {1100-1104},
year = {2011},
doi = {10.1126/science.1197754},
url = {https://www.science.org/doi/abs/10.1126/science.1197754},
eprint = {https://www.science.org/doi/pdf/10.1126/science.1197754}
}

@article{Gelfand2015,
author = {Michele J. Gelfand and Jesse R. Harrington},
title ={The Motivational Force of Descriptive Norms: For Whom and When Are Descriptive Norms Most Predictive of Behavior?},
journal = {Journal of Cross-Cultural Psychology},
volume = {46},
number = {10},
pages = {1273-1278},
year = {2015},
doi = {10.1177/0022022115600796},
URL = {https://doi.org/10.1177/0022022115600796},
eprint = {https://doi.org/10.1177/0022022115600796}
}

@article{Goldstein2008,
author = {Goldstein, Noah J. and Cialdini, Robert B. and Griskevicius, Vladas},
title = {A Room with a Viewpoint: Using Social Norms to Motivate Environmental Conservation in Hotels},
journal = {Journal of Consumer Research},
volume = {35},
number = {3},
pages = {472-482},
year = {2008},
issn = {0093-5301},
doi = {10.1086/586910},
url = {https://doi.org/10.1086/586910},
eprint = {https://academic.oup.com/jcr/article-pdf/35/3/472/5251693/35-3-472.pdf}
}

@article{Granger1969,
url = {http://www.jstor.org/stable/1912791},
author = {C. W. J. Granger},
journal = {Econometrica},
number = {3},
pages = {424-438},
title = {Investigating Causal Relations by Econometric Models and Cross-spectral Methods},
volume = {37},
year = {1969},
doi = {10.2307/1912791}
}

@article{Hamaker2015,
title = {A critique of the cross-lagged panel model},
author = {Hamaker, Ellen L. and Kuiper, Rebecca M. and Grasman, Raoul P. P. P.},
journal = {Psychological methods},
volume = {20},
number = {1},
pages = {102},
year = {2015},
publisher = {American Psychological Association},
doi = {10.1037/a0038889}
}

@book{Henrich2015,
address = {Princeton},
author = {Henrich, Joseph},
publisher = {Princeton University Press},
title = {The Secret of Our Success: How Culture Is Driving Human Evolution, Domesticating Our Species, and Making Us Smarter},
year = {2015}
}

@article{Hogg2008,
author = {Hogg, Michael A. and Hohman, Zachary P. and Rivera, Jason E.},
title = {Why Do People Join Groups? Three Motivational Accounts from Social Psychology},
journal = {Social and Personality Psychology Compass},
volume = {2},
number = {3},
pages = {1269-1280},
doi = {10.1111/j.1751-9004.2008.00099.x},
url = {https://compass.onlinelibrary.wiley.com/doi/abs/10.1111/j.1751-9004.2008.00099.x},
eprint = {https://compass.onlinelibrary.wiley.com/doi/pdf/10.1111/j.1751-9004.2008.00099.x},
year = {2008}
}

@article{Jensen2014,
author = {Jensen, Keith and Vaish, Amrisha and Schmidt, Marco F. H.},
doi = {10.3389/fpsyg.2014.00822},
isbn = {1664-1078 (Electronic)$\backslash$r1664-1078 (Linking)},
issn = {1664-1078},
journal = {Frontiers in Psychology},
pages = {822},
pmid = {25120521},
title = {The emergence of human prosociality: aligning with others through feelings, concerns, and norms},
volume = {5},
year = {2014}
}

@article{Jordan2009,
author = {Jordan, Fiona M.  and Gray, Russell D.  and Greenhill, Simon J.  and Mace, Ruth },
title = {Matrilocal residence is ancestral in Austronesian societies},
journal = {Proceedings of the Royal Society B: Biological Sciences},
volume = {276},
number = {1664},
pages = {1957-1964},
year = {2009},
doi = {10.1098/rspb.2009.0088},
url = {https://royalsocietypublishing.org/doi/abs/10.1098/rspb.2009.0088}
}

@article{Kushnick2014,
title = {The sequential evolution of land tenure norms},
journal = {Evolution and Human Behavior},
volume = {35},
number = {4},
pages = {309-318},
year = {2014},
issn = {1090-5138},
doi = {10.1016/j.evolhumbehav.2014.03.001},
url = {https://www.sciencedirect.com/science/article/pii/S1090513814000336},
author = {Geoff Kushnick and Russell D. Gray and Fiona M. Jordan}
}

@article{Landau2021,
title = {The targets {R} package: a dynamic {M}ake-like function-oriented pipeline toolkit for reproducibility and high-performance computing},
author = {William Michael Landau},
journal = {Journal of Open Source Software},
year = {2021},
volume = {6},
number = {57},
pages = {2959},
url = {https://doi.org/10.21105/joss.02959},
doi = {10.21105/joss.02959}
}

@techreport{Larkin2018,
author = {Larkin, Chris and Sanders, Michael and Andresen, Isabelle and Algate, Felicity},
title = {Testing Local Descriptive Norms and Salience of Enforcement Action: A Field Experiment to Increase Tax Collection},
year = {2018},
doi = {10.2139/ssrn.3167575},
series = {SSRN Scholarly Paper No. 3167575}
}

@article{Macy2021,
title = {The role of self-efficacy and injunctive norms in helping older adults decide to stay home during the {COVID-19} Pandemic},
author = {Macy, Jonathan T and Owens, Christopher and Mullis, Kristina and Middlestadt, Susan E},
journal = {Frontiers in Public Health},
volume = {9},
pages = {660813},
year = {2021},
publisher = {Frontiers Media SA},
doi = {10.3389/fpubh.2021.660813}
}

@article{Markus2010,
author = {Hazel Rose Markus and Shinobu Kitayama},
title = {Cultures and Selves: A Cycle of Mutual Constitution},
journal = {Perspectives on Psychological Science},
volume = {5},
number = {4},
pages = {420-430},
year = {2010},
doi = {10.1177/1745691610375557},
URL = {https://doi.org/10.1177/1745691610375557},
eprint = {https://doi.org/10.1177/1745691610375557}
}

@data{MITElectionLab,
author = {{MIT Election Data and Science Lab}},
publisher = {{Harvard Dataverse}},
title = {{County Presidential Election Returns 2000-2020}},
UNF = {UNF:6:pVAMya52q7VM1Pl7EZMW0Q==},
year = {2018},
version = {V10},
doi = {10.7910/DVN/VOQCHQ},
url = {https://doi.org/10.7910/DVN/VOQCHQ}
}

@article{Montes2021,
title = {A novel approach to assess descriptive and injunctive norms for college student marijuana use},
journal = {Addictive Behaviors},
volume = {117},
pages = {106755},
year = {2021},
issn = {0306-4603},
doi = {10.1016/j.addbeh.2020.106755},
url = {https://www.sciencedirect.com/science/article/pii/S0306460320308844},
author = {Kevin S. Montes and Dylan K. Richards and Matthew R. Pearson}
}

@article{Natanson2022,
author = {Natanson, Hannah},
year = {2022},
title = {Peer pressure is ending mask usage in schools},
journal = {The Washingston Post},
url = {https://www.washingtonpost.com/education/2022/02/25/peer-pressure-mask-optional-schools/},
urldate = {2022-08-18}
}

@article{Neighbors2008,
title = {The relative impact of injunctive norms on college student drinking: the role of reference group.},
author = {Neighbors, Clayton and O'Connor, Roisin M and Lewis, Melissa A and Chawla, Neharika and Lee, Christine M and Fossos, Nicole},
journal = {Psychology of Addictive Behaviors},
volume = {22},
number = {4},
pages = {576-581},
year = {2008},
publisher = {American Psychological Association},
doi = {10.1037/a0013043}
}

@article{Nigbur2010,
author = {Nigbur, Dennis and Lyons, Evanthia and Uzzell, David},
title = {Attitudes, norms, identity and environmental behaviour: Using an expanded theory of planned behaviour to predict participation in a kerbside recycling programme},
journal = {British Journal of Social Psychology},
volume = {49},
number = {2},
pages = {259-284},
doi = {10.1348/014466609X449395},
url = {https://bpspsychub.onlinelibrary.wiley.com/doi/abs/10.1348/014466609X449395},
eprint = {https://bpspsychub.onlinelibrary.wiley.com/doi/pdf/10.1348/014466609X449395},
year = {2010}
}

@article{Orth2022,
title = {Effect Size Guidelines for Cross-Lagged Effects},
author = {Orth, Ulrich and Meier, Laurenz L and B{\"u}hler, Janina Larissa and Dapp, Laura C and Krauss, Samantha and Messerli, Denise and Robins, Richard W},
journal = {Psychological Methods},
year = {2022},
doi = {10.1037/met0000499}
}

@article{Park2009,
author = {Hee Sun Park and  Katherine A. Klein and  Sandi Smith  and Dennis Martell},
title = {Separating Subjective Norms, University Descriptive and Injunctive Norms, and {U.S.} Descriptive and Injunctive Norms for Drinking Behavior Intentions},
journal = {Health Communication},
volume = {24},
number = {8},
pages = {746-751},
year  = {2009},
publisher = {Routledge},
doi = {10.1080/10410230903265912},
URL = {https://doi.org/10.1080/10410230903265912},
eprint = {https://doi.org/10.1080/10410230903265912}
}

@article{Rakoczy2013,
author = {Rakoczy, Hannes and Schmidt, Marco F. H.},
title = {The early ontogeny of social norms},
journal = {Child Development Perspectives},
volume = {7},
number = {1},
pages = {17-21},
doi = {10.1111/cdep.12010},
url = {https://srcd.onlinelibrary.wiley.com/doi/abs/10.1111/cdep.12010},
eprint = {https://srcd.onlinelibrary.wiley.com/doi/pdf/10.1111/cdep.12010},
year = {2013}
}

@manual{RCoreTeam,
title = {R: A Language and Environment for Statistical Computing},
author = {{R Core Team}},
organization = {R Foundation for Statistical Computing},
address = {Vienna, Austria},
year = {2022},
url = {https://www.R-project.org/}
}

@article{Remedios2022,
title = {Psychology must grapple with Whiteness},
author = {Remedios, Jessica D},
journal = {Nature Reviews Psychology},
volume = {1},
number = {3},
pages = {125-126},
year = {2022},
publisher = {Nature Publishing Group},
doi = {10.1038/s44159-022-00024-4}
}

@article{Rosseel2012,
title = {{lavaan}: An {R} Package for Structural Equation Modeling},
author = {Yves Rosseel},
journal = {Journal of Statistical Software},
year = {2012},
volume = {48},
number = {2},
pages = {1-36},
doi = {10.18637/jss.v048.i02}
}

@article{Rudert2021,
author = {Selma C. Rudert and Stefan Janke},
title ={Following the crowd in times of crisis: Descriptive norms predict physical distancing, stockpiling, and prosocial behavior during the {COVID-19} pandemic},
journal = {Group Processes \& Intergroup Relations},
pages = {13684302211023562},
year = {2021},
doi = {10.1177/13684302211023562},
URL = {https://doi.org/10.1177/13684302211023562},
eprint = {https://doi.org/10.1177/13684302211023562}
}

@article{Schaumberg2022,
author = {Schaumberg, Rebecca L. and Skowronek, Samuel E.},
title ={Shame broadcasts Social Norms: The Positive Social Effects of Shame on Norm Acquisition and Normative Behavior},
journal = {Psychological Science},
pages = {09567976221075303},
year = {2022},
doi = {10.1177/09567976221075303},
note = {PMID: 35797281},
URL = {https://doi.org/10.1177/09567976221075303},
eprint = {https://doi.org/10.1177/09567976221075303}
}

@article{Schmidt2012,
author = {Schmidt, Marco F. H. and Tomasello, Michael},
title ={Young children enforce social norms},
journal = {Current Directions in Psychological Science},
volume = {21},
number = {4},
pages = {232-236},
year = {2012},
doi = {10.1177/0963721412448659},
URL = {https://doi.org/10.1177/0963721412448659},
eprint = {https://doi.org/10.1177/0963721412448659}
}

@article{Schultz2007,
author = {P. Wesley Schultz and Jessica M. Nolan and Robert B. Cialdini and Noah J. Goldstein and Vladas Griskevicius},
title = {The Constructive, Destructive, and Reconstructive Power of Social Norms},
journal = {Psychological Science},
volume = {18},
number = {5},
pages = {429-434},
year = {2007},
doi = {10.1111/j.1467-9280.2007.01917.x},
note ={PMID: 17576283},
URL = {https://doi.org/10.1111/j.1467-9280.2007.01917.x},
eprint = {https://doi.org/10.1111/j.1467-9280.2007.01917.x}
}

@article{Smith2015,
author = {Smith, Laura G. E. and Thomas, Emma F. and McGarty, Craig},
title = {"We Must Be the Change We Want to See in the World": Integrating Norms and Identities through Social Interaction},
journal = {Political Psychology},
volume = {36},
number = {5},
pages = {543-557},
doi = {10.1111/pops.12180},
url = {https://onlinelibrary.wiley.com/doi/abs/10.1111/pops.12180},
eprint = {https://onlinelibrary.wiley.com/doi/pdf/10.1111/pops.12180},
year = {2015}
}

@article{Titlestad2019,
title = {The dynamic emergence of cooperative norms in a social dilemma},
journal = {Journal of Experimental Social Psychology},
volume = {84},
pages = {103799},
year = {2019},
issn = {0022-1031},
doi = {10.1016/j.jesp.2019.03.010},
url = {https://www.sciencedirect.com/science/article/pii/S0022103118303883},
author = {Kim Titlestad and T.A.B. Snijders and Kevin Durrheim and Michael Quayle and Tom Postmes},
}

@article{Tomasello2014,
author = {Tomasello, Michael},
title = {The ultra-social animal},
journal = {European Journal of Social Psychology},
volume = {44},
number = {3},
pages = {187-194},
doi = {10.1002/ejsp.2015},
url = {https://onlinelibrary.wiley.com/doi/abs/10.1002/ejsp.2015},
eprint = {https://onlinelibrary.wiley.com/doi/pdf/10.1002/ejsp.2015},
year = {2014}
}

@article{Vaish2011,
title = {Young children's responses to guilt displays},
author = {Vaish, Amrisha and Carpenter, Malinda and Tomasello, Michael},
journal = {Developmental Psychology},
volume = {47},
number = {5},
pages = {1248-1262},
year = {2011},
publisher = {American Psychological Association},
doi = {10.1037/a0024462}
}

@article{VanKleef2019,
title = {The dynamic nature of social norms: New perspectives on norm development, impact, violation, and enforcement},
journal = {Journal of Experimental Social Psychology},
volume = {84},
pages = {103814},
year = {2019},
issn = {0022-1031},
doi = {10.1016/j.jesp.2019.05.002},
url = {https://www.sciencedirect.com/science/article/pii/S0022103119303166},
author = {Gerben A. {van Kleef} and Michele J. Gelfand and Jolanda Jetten}
}

@article{Wellen1998,
title = {Group norms and attitude-behavior consistency: The role of group salience and mood},
author = {Wellen, Jackie M and Hogg, Michael A and Terry, Deborah J},
journal = {Group Dynamics: Theory, Research, and Practice},
volume = {2},
number = {1},
pages = {48-56},
year = {1998},
publisher = {Educational Publishing Foundation},
doi = {10.1037/1089-2699.2.1.48}
}

@book{Wickham2016,
author = {Hadley Wickham},
title = {{ggplot2}: Elegant Graphics for Data Analysis},
publisher = {Springer-Verlag New York},
year = {2016},
isbn = {978-3-319-24277-4},
url = {https://ggplot2.tidyverse.org}
}

@manual{Wilke2020,
title = {{cowplot}: Streamlined Plot Theme and Plot Annotations for 'ggplot2'},
author = {Claus O. Wilke},
year = {2020},
note = {R package version 1.1.1},
url = {https://CRAN.R-project.org/package=cowplot}
}